@ARTICLE{Bolte-2006,
   author   = {Bolte, S. and Cordeli\`{e}res, F. P.},
   title    = {A guided tour into subcellular colocalization analysis in light microscopy},
   journal  = {Journal of Microscopy},
   volume   = {224},
   number   = {3},
   pages    = {213-232},
   year     = {2006},
   url      = {https://onlinelibrary.wiley.com/doi/abs/10.1111/j.1365-2818.2006.01706.x}
   }
   
@ARTICLE{Sanderson-2014,
   author   = {Sanderson, Michael J. and Smith, Ian and Parker, Ian and Bootman, Martin D.},
   title    = {Fluorescence Microscopy},
   journal  = {Cold Spring Harbor Protocols},
   volume   = {2014}, 
   number   = {10}, 
   pages    = {pdb.top071795}, 
   year     = {2014}, 
   url      = {http://cshprotocols.cshlp.org/content/2014/10/pdb.top071795.full}
   }

@ARTICLE{Confocal-2005,
   author   = {St. Croix, Claudette M. and Shand, Stuart H. and Watkins, Simon C.},
   title    = {Confocal microscopy: comparisons, applications, and problems},
   journal  = {BioTechniques},
   volume   = {39},
   number   = {6S},
   pages    = {S2-S5},
   year     = {2005},
   url      = {https://doi.org/10.2144/000112089}
}

@BOOK{introPhys-2013,
   author   = {Sherwood, Lauralee},
   title    = {Introduction to Human Physiology},
   publisher= {Cengage Learning},
   edition  = {8},
   year     = {2013}
}

@book{cell_phys_book,
isbn = {9781285866932},
author = {Sherwood, Lauralee and Sutton, Kristen},
address = {Andover},
publisher = {CENGAGE Learning},
title = {Human Physiology: From Cells to Systems},
year = {2015},
}

@misc{MedNews-2018,
   author       = {Newman T.},
   year         = {2018},
   howpublished = {Available at: \url{https://www.medicalnewstoday.com/articles/320875}},
   month        = feb # {~8}
   }
   
@ARTICLE{Apopt-2009,
   author   = {Wang, Chunxin. and Youle, Richard J.},
   title    = {The role of mitochondria in apoptosis*},
   year     = {2009},
   journal  = {Annual review of genetics},
   volume   = {43},
   pages    = {95-118},
   url      = {https://www.ncbi.nlm.nih.gov/pmc/articles/PMC4762029/}
   }
   
@ARTICLE{MitoFus-2012,
   author   = {Youle, Richard J. and van der Bliek, Alexander M.},
   title    = {Mitochondrial fission, fusion, and stress},
   year     = {2012},
   journal  = {Science (New York, N.Y.)},
   volume   = {337},
   number    = {6098},
   pages    = {1062-1065},
   url      = {https://www.ncbi.nlm.nih.gov/pmc/articles/PMC4762028/}
   }
   
@ARTICLE{ATPconsum-2010,
   title    = {Mitochondria as ATP consumers in cellular pathology},
   journal  = {Biochimica et Biophysica Acta (BBA) - Molecular Basis of Disease},
   volume   = {1802},
   number   = {1},
   pages    = {221-227},
   year     = {2010},
   note     = {Mitochondrial Dysfunction},
   url      = {https://www.sciencedirect.com/science/article/pii/S0925443909001914},
   author   = {Christos Chinopoulos and Vera Adam-Vizi}
} 

@ARTICLE{AccApop-1997,
   title    = {Mitochondrial Implication in Accidental and Programmed Cell Death: Apoptosis and Necrosis},
   journal  = {Journal of Bioenergetics and Biomembranes},
   author   = {Zamzami, Naoufal and Hirsch, Tamara and Dallaporta, Bruno and Petit, Patrice X. and Kroemer, Guido},
   volume   = {29},
   year     = {1997},
   url      = {https://link.springer.com/article/10.1023/A:1022694131572},
   number   = {2},
   pages    = {185-193},
    }
    
@ARTICLE{Mitoph-2012,
   title    = {Mitophagy: mechanisms, pathophysiological roles, and analysis},
   journal  = {Biological Chemistry},
   author   = {Wen-Xing Ding and Xiao-Ming Yin},
   volume   = {393},
   year     = {2012},
   url      = {https://doi.org/10.1515/hsz-2012-0119},
   number   = {7},
   pages    = {547-564},
    }
    
@book{GeneralMicroscop,
address = {New York},
booktitle = {Molecular biology of the cell},
edition = {5th ed., Reference ed.},
isbn = {9780815341116},
keywords = {Cytology},
publisher = {Garland Science},
title = {Molecular biology of the cell },
year = {2008},
}
   
@article{microscopeTypeFig,
author = {Cai, Di-Xin and Quan, Yue and He, Peng-Ju and Tan, Hong-Bo and Xu, Yong-Qing},
year = {2016},
month = {10},
pages = {4037-4045},
title = {Dynamic Perfusion Culture of Human Outgrowth Endothelial Progenitor Cells on Demineralized Bone Matrix In Vitro},
volume = {22},
journal = {Medical Science Monitor},
doi = {10.12659/MSM.897884}
}
   
@ARTICLE{MitoMechan,
   title    = {Mechanisms of mitophagy},
   author   = {Youle, Richard J. and Narendra, Derek P.},
   journal  = {Nature reviews. Molecular cell biology},
   year     = {2011},
   volume   = {12},
   number   = {1},
   pages    = {9-14},
   url      = {https://www.nature.com/articles/nrm3028}
   }
   
@ARTICLE{AccFluoro,
   title    = {Accuracy and precision in quantitative fluorescence microscopy},
   author   = {Walters, Jennifer C.},
   journal  = {The Journal of cell biology},
   year     = {2009},
   volume   = {185},
   number   = {7},
   pages    = {1135-1148},
   url      = {https://www.ncbi.nlm.nih.gov/pmc/articles/PMC2712964/}
   }
   
@ARTICLE{GuidedImProcessing,
  author    = {Kervrann, Charles and Sorzano, Carlos Óscar Sánchez and Acton, Scott T. and Olivo-Marin, Jean-Christophe and Unser, Michael},
  journal   = {IEEE Journal of Selected Topics in Signal Processing}, 
  title     = {A Guided Tour of Selected Image Processing and Analysis Methods for Fluorescence and Electron Microscopy}, 
  year      = {2016},
  volume    = {10},
  number    = {1},
  pages     = {6-30},
  url       = {https://ieeexplore.ieee.org/document/7347356}
  }
  
@article{Manders,
author = {MANDERS, E. M. M. and VERBEEK, F. J. and ATEN, J. A.},
title = {Measurement of co-localization of objects in dual-colour confocal images},
journal = {Journal of Microscopy},
volume = {169},
number = {3},
pages = {375-382},
keywords = {Co-localization, confocal microscopy, image analysis, image reconstruction, correlation, double labelling},
doi = {https://doi.org/10.1111/j.1365-2818.1993.tb03313.x},
url = {https://onlinelibrary.wiley.com/doi/abs/10.1111/j.1365-2818.1993.tb03313.x},
eprint = {https://onlinelibrary.wiley.com/doi/pdf/10.1111/j.1365-2818.1993.tb03313.x},
year = {1993}
}
   
@article{Li4070,
	author = {Li, Qi and Lau, Anthony and Morris, Terence J. and Guo, Lin and Fordyce, Christopher B. and Stanley, Elise F.},
	title = {A Syntaxin 1, G\textalpha o, and N-Type Calcium Channel Complex at a Presynaptic Nerve Terminal: Analysis by Quantitative Immunocolocalization},
	volume = {24},
	number = {16},
	pages = {4070-4081},
	year = {2004},
	journal = {Journal of Neuroscience},
	publisher = {Society for Neuroscience},
	url = {https://www.jneurosci.org/content/24/16/4070}
}

@Article{costes,
   Author = {Costes, Sylvain V.  and Daelemans, Dirk  and Cho, Edward H.  and Dobbin, Zachary  and Pavlakis, George  and Lockett, Stephen},
   Title = {Automatic and quantitative measurement of protein-protein colocalization in live cells},
   Journal = {Biophysical journal},
   publisher = {Biophysical Society},
   Year={2004},
   Volume={86},
   Number={6},
   Pages={3993-4003},
   url = {https://pubmed.ncbi.nlm.nih.gov/15189895/}
}

@article{vanSteensel,
    author = {van Steensel, B. and van Binnendijk, E.P. and Hornsby, C.D. and van der Voort, H.T. and Krozowski, Z.S. and de Kloet, E.R. and van Driel, R.},
    title = "{Partial colocalization of glucocorticoid and mineralocorticoid receptors in discrete compartments in nuclei of rat hippocampus neurons}",
    journal = {Journal of Cell Science},
    volume = {109},
    number = {4},
    pages = {787-792},
    year = {1996},
    url = {https://doi.org/10.1242/jcs.109.4.787},
    eprint = {https://journals.biologists.com/jcs/article-pdf/109/4/787/1350498/787.pdf}
}

@report{Bunyak2012,
   author = {Yu A Bunyak and Yu Sofina and R N Kvetnyy},
   title = {Blind PSF estimation and methods of deconvolution optimization},
   url = {https://arxiv.org/abs/1206.3594},
   year = {2012}
}
@article{Perrone2014,
   author = {Daniele Perrone and Paolo Favaro},
   month = {11},
   title = {A Clearer Picture of Blind Deconvolution},
   url = {http://arxiv.org/abs/1412.0251},
   year = {2014}
}
@article{Meiniel2018,
   author = {William Meiniel and Jean Christophe Olivo-Marin and Elsa D. Angelini},
   doi = {10.1109/TIP.2018.2819821},
   issn = {10577149},
   issue = {8},
   journal = {IEEE Transactions on Image Processing},
   month = {8},
   pages = {3842-3856},
   pmid = {29733271},
   publisher = {Institute of Electrical and Electronics Engineers Inc.},
   title = {Denoising of microscopy images: A review of the state-of-the-art, and a new sparsity-based method},
   volume = {27},
   year = {2018}
}
@article{Maji2019,
   author = {Suman Kumar Maji and Hussein Yahia},
   doi = {10.1038/s41598-019-43973-2},
   issn = {20452322},
   issue = {1},
   journal = {Scientific Reports},
   month = {12},
   pmid = {31118450},
   publisher = {Nature Publishing Group},
   title = {A Feature based Reconstruction Model for Fluorescence Microscopy Image Denoising},
   volume = {9},
   year = {2019}
}
@article{Luo2018,
   author = {Ting L. Luo and Marisa C. Eisenberg and Michael A.L. Hayashi and Carlos Gonzalez-Cabezas and Betsy Foxman and Carl F. Marrs and Alexander H. Rickard},
   doi = {10.1038/s41598-018-31012-5},
   issn = {20452322},
   issue = {1},
   journal = {Scientific Reports},
   month = {12},
   pmid = {30158655},
   publisher = {Nature Publishing Group},
   title = {A Sensitive Thresholding Method for Confocal Laser Scanning Microscope Image Stacks of Microbial Biofilms},
   volume = {8},
   year = {2018}
}
@article{Sarder2006,
   author = {Pinaki Sarder and Arye Nehorai},
   doi = {10.1109/MSP.2006.1628876},
   issn = {10535888},
   issue = {3},
   journal = {IEEE Signal Processing Magazine},
   title = {Deconvolution methods for 3-D fluorescence microscopy images},
   volume = {23},
   year = {2006}
}

@INPROCEEDINGS{PoisGauss,  author={Zhang, Yide and Zhu, Yinhao and Nichols, Evan and Wang, Qingfei and Zhang, Siyuan and Smith, Cody and Howard, Scott},  booktitle={2019 IEEE/CVF Conference on Computer Vision and Pattern Recognition (CVPR)},   title={A Poisson-Gaussian Denoising Dataset With Real Fluorescence Microscopy Images},   year={2019},  volume={},  number={},  pages={11702-11710},  doi={10.1109/CVPR.2019.01198}}

@article{Hysteresis,  
    author={Canny, John},  
    journal={IEEE Transactions on Pattern Analysis and Machine Intelligence},   
    title={A Computational Approach to Edge Detection},   
    year={1986},  
    volume={PAMI-8},  
    number={6},  
    pages={679-698},  
    doi={10.1109/TPAMI.1986.4767851}
}

@article{PipelineDecon-Chaudhry,
author = {Chaudhry, Ahsen and Shi, Rocky and Luciani, Dan S.},
title = {A pipeline for multidimensional confocal analysis of mitochondrial morphology, function, and dynamics in pancreatic $\beta$-cells},
journal = {American Journal of Physiology-Endocrinology and Metabolism},
volume = {318},
number = {2},
pages = {E87-E101},
year = {2020},
doi = {10.1152/ajpendo.00457.2019},
    note ={PMID: 31846372},

URL = { 
        https://doi.org/10.1152/ajpendo.00457.2019
    
}
}

@INPROCEEDINGS{6505824,  author={Robinson, Philip E. and Roodt, Yuko},  booktitle={2013 IEEE International Conference on Industrial Technology (ICIT)},   title={Blind deconvolution of Gaussian blurred images containing additive white Gaussian noise},   year={2013},  volume={},  number={},  pages={1092-1097},  doi={10.1109/ICIT.2013.6505824}}

@article{DeconLab2,
title = {DeconvolutionLab2: An open-source software for deconvolution microscopy},
journal = {Methods},
volume = {115},
pages = {28-41},
year = {2017},
note = {Image Processing for Biologists},
issn = {1046-2023},
doi = {https://doi.org/10.1016/j.ymeth.2016.12.015},
url = {https://www.sciencedirect.com/science/article/pii/S1046202316305096},
author = {Daniel Sage and Lauréne Donati and Ferréol Soulez and Denis Fortun and Guillaume Schmit and Arne Seitz and Romain Guiet and Cédric Vonesch and Michael Unser}
}

@article{Otsu1979ATS,
  title={A threshold selection method from gray level histograms},
  author={Nobuyuki Otsu},
  journal={IEEE Transactions on Systems, Man, and Cybernetics},
  year={1979},
  volume={9},
  pages={62-66}
}

@ARTICLE{MultiOtsu,
    author = {Ping-sung Liao and Tse-sheng Chen and Pau-choo Chung},
    title = {A fast algorithm for multilevel thresholding},
    journal = {Journal of Information Science and Engineering},
    year = {2001},
    volume = {17},
    pages = {713--727}
}

@article{triangleThresh,
author = {G W Zack and W E Rogers and S A Latt},
title ={Automatic measurement of sister chromatid exchange frequency.},
journal = {Journal of Histochemistry \& Cytochemistry},
volume = {25},
number = {7},
pages = {741-753},
year = {1977},
doi = {10.1177/25.7.70454},
    note ={PMID: 70454},

URL = { 
        https://doi.org/10.1177/25.7.70454
    
},
eprint = { 
        https://doi.org/10.1177/25.7.70454
    
}
}

@article{Richardson,
author = {William Hadley Richardson},
journal = {J. Opt. Soc. Am.},
keywords = {Arrays; Deconvolution; Image processing; Point spread function},
number = {1},
pages = {55--59},
publisher = {Optica Publishing Group},
title = {Bayesian-Based Iterative Method of Image Restoration$\ast$},
volume = {62},
month = {Jan},
year = {1972},
url = {http://opg.optica.org/abstract.cfm?URI=josa-62-1-55},
doi = {10.1364/JOSA.62.000055},
abstract = {An iterative method of restoring degraded images was developed by treating images, point spread functions, and degraded images as probability-frequency functions and by applying Bayes's theorem. The method functions effectively in the presence of noise and is adaptable to computer operation.},
}

@ARTICLE{LucyL,
       author = {{Lucy}, L.~B.},
        title = "{An iterative technique for the rectification of observed distributions}",
      journal = {Astronomical Journal},
         year = 1974,
        month = jun,
       volume = {79},
        pages = {745},
          doi = {10.1086/111605},
       url = {https://ui.adsabs.harvard.edu/abs/1974AJ.....79..745L}
}

@software{kneedle_arvai,
author = {Arvai, Kevin},
doi = {10.5281/zenodo.6496267},
month = {8},
title = {{kneed}},
url = {https://github.com/arvkevi/kneed},
version = {0.7.0},
year = {2020}
}

@INPROCEEDINGS{kneedle_paper,  author={Satopaa, Ville and Albrecht, Jeannie and Irwin, David and Raghavan, Barath},  booktitle={2011 31st International Conference on Distributed Computing Systems Workshops},   title={Finding a "Kneedle" in a Haystack: Detecting Knee Points in System Behavior},   year={2011},  volume={},  number={},  pages={166-171},  doi={10.1109/ICDCSW.2011.20}}

@misc{fluorophorePick,
author = {Heather Brown-Harding},
title = {Which fluorophores to use for your microscopy experiment},
url = {https://expert.cheekyscientist.com/which-fluorophores-to-use-for-your-microscopy-experiment/}
}

@article{photobleachingPaper,
author = {Tytus Bernas and Bartlomiej P. Rajwa and Elikplimki K. Asem and Joseph Paul Robinson},
title = {{Loss of image quality in photobleaching during microscopic imaging of fluorescent probes bound to chromatin}},
volume = {10},
journal = {Journal of Biomedical Optics},
number = {6},
publisher = {SPIE},
pages = {064015},
keywords = {Luminescence, Signal to noise ratio, Image quality, Image resolution, Wavelets, Microscopes, Modulation transfer functions, Confocal microscopy, Image information entropy, Photons},
year = {2005},
doi = {10.1117/1.2136313},
URL = {https://doi.org/10.1117/1.2136313}
}

@misc{photobleachWeb, 
title={Fluorophore photobleaching literature references}, url={https://www.microscopyu.com/references/fluorophore-photobleaching}, journal={Nikon's MicroscopyU}, publisher={Nikon Instruments Inc}
} 

@article{specimenConfocalFig,
author = {Jonkman, James and Brown, Claire and Cole, Richard},
year = {2014},
month = {06},
pages = {113-134},
title = {Quantitative confocal microscopy: Beyond a pretty picture},
volume = {123C},
isbn = {9780124201385},
journal = {Methods in cell biology},
doi = {10.1016/B978-0-12-420138-5.00007-0}
}

@misc{widefield, title={Introduction to widefield microscopy}, url={https://www.leica-microsystems.com/science-lab/introduction-to-widefield-microscopy/}, publisher={Leica Microsystems}, author={Wilson, Martin}, year={2017}, month={Jun}} 

@book{matureFluoro,
author = {Milo, Ron and Phillips, Rob},
year = {2015},
month = {12},
pages = {},
title = {Cell Biology by the Numbers},
isbn = {9781317230694},
doi = {10.1201/9780429258770}
}

 @misc{crosstalk, 
 title={Spectral bleed-through artifacts in confocal microscopy}, 
 url={https://www.olympus-lifescience.com/en/microscope-resource/primer/techniques/confocal/bleedthrough/}, journal={Confocal Microscopy - Spectral Bleed-Through Artifacts in Confocal Microscopy | Olympus LS}, 
 publisher={Olympus - Life Science Solutions}, 
 author={Murphy, Douglas and Piston, David and Shand, Stuart and Watkins, Simon and Davidson, Michael}} 
 
@article{Diffraction_Dedecker,
title = {Diffraction-unlimited optical microscopy},
journal = {Materials Today},
volume = {11},
pages = {12-21},
year = {2008},
issn = {1369-7021},
doi = {https://doi.org/10.1016/S1369-7021(09)70003-3},
url = {https://www.sciencedirect.com/science/article/pii/S1369702109700033},
author = {Peter Dedecker and Johan Hofkens and Jun-ichi Hotta}
}

@article{Diffraction_Patterson,
title = {Fluorescence microscopy below the diffraction limit},
journal = {Seminars in Cell \& Developmental Biology},
volume = {20},
number = {8},
pages = {886-893},
year = {2009},
note = {Imaging in Cell and Developmental Biology Planar Cell Polarity},
issn = {1084-9521},
doi = {https://doi.org/10.1016/j.semcdb.2009.08.006},
url = {https://www.sciencedirect.com/science/article/pii/S1084952109001633},
author = {George H. Patterson}
}

@article{practical_guide_coloc, 
title={A practical guide to evaluating colocalization in Biological Microscopy}, 
volume={300}, 
DOI={10.1152/ajpcell.00462.2010}, number={4}, 
journal={American Journal of Physiology-Cell Physiology}, 
author={Dunn, Kenneth W. and Kamocka, Malgorzata M. and McDonald, John H.}, 
year={2011}, 
month={Apr}, 
pages={C723-C742}
} 
 
@article{racc,
    doi = {10.1371/journal.pone.0225141},
    author = {Theart, Rensu P. AND Loos, Ben AND Niesler, Thomas R.},
    journal = {PLOS ONE},
    publisher = {Public Library of Science},
    title = {Regression adjusted colocalisation colour mapping (RACC): A novel biological visual analysis method for qualitative colocalisation analysis of 3D fluorescence micrographs},
    year = {2019},
    month = {11},
    volume = {14},
    url = {https://doi.org/10.1371/journal.pone.0225141},
    pages = {1-21},
    number = {11}
}

@article{scikit-image,
 title = {scikit-image: image processing in {P}ython},
 author = {van der Walt, {S}t\'efan and {S}ch\"onberger, {J}ohannes {L}. and
           {Nunez-Iglesias}, {J}uan and {B}oulogne, {F}ran\c{c}ois and {W}arner,
           {J}oshua {D}. and {Y}ager, {N}eil and {G}ouillart, {E}mmanuelle and
           {Y}u, {T}ony and the scikit-image contributors},
 year = {2014},
 month = {6},
 keywords = {Image processing, Reproducible research, Education,
             Visualization, Open source, Python, Scientific programming},
 volume = {2},
 pages = {e453},
 journal = {PeerJ},
 issn = {2167-8359},
 url = {https://doi.org/10.7717/peerj.453},
 doi = {10.7717/peerj.453}
}

@ARTICLE{spectral_centroid,  
author={Tzanetakis, G. and Cook, P.},  
journal={IEEE Transactions on Speech and Audio Processing},   
title={Musical genre classification of audio signals},   
year={2002},  
volume={10},  
number={5},  
pages={293-302},  
doi={10.1109/TSA.2002.800560}}

@Article{mito_diseases,
   Author="Doblado, L.  and Lueck, C.  and Rey, C.  and Samhan-Arias, A. K.  and Prieto, I.  and Stacchiotti, A.  and Monsalve, M. ",
   Title="{{M}itophagy in {H}uman {D}iseases}",
   Journal="Int J Mol Sci",
   Year="2021",
   Volume="22",
   Number="8",
   Month="Apr"
}

@misc{adaptive_thresh_plugin,
    Title={AdaptiveThreshold --- ImageJ plugin},
    Author={Qingzong, T.},
    url={https://sites.google.com/site/qingzongtseng/adaptivethreshold}
}

 @article{Fiji_paper, title={Fiji: An open-source platform for biological-image analysis}, volume={9}, url={https://www.nature.com/articles/nmeth.2019}, DOI={10.1038/nmeth.2019}, number={7}, journal={Nature Methods}, author={Schindelin, Johannes and Arganda-Carreras, Ignacio and Frise, Erwin and Kaynig, Verena and Longair, Mark and Pietzsch, Tobias and Preibisch, Stephan and Rueden, Curtis and Saalfeld, Stephan and Schmid, Benjamin and et al.}, year={2012}, pages={676-682}} 

@article{lyso_auto_relation,
    title={The Discovery of Lysosomes and Autophagy},
    author={Susana Castro-Obregon},
    journal={Nature Education},
    year={2010},
    volume={3},
    number={9},
    pages={49}
    }

@inbook{clahe,
author = {Zuiderveld, Karel},
title = {Contrast Limited Adaptive Histogram Equalization},
year = {1994},
isbn = {0123361559},
publisher = {Academic Press Professional, Inc.},
address = {USA},
booktitle = {Graphics Gems IV},
pages = {474-485},
numpages = {12},
note = {plugin: https://imagej.net/plugins/clahe}
}

@ARTICLE {rolling_ball,
author = {S. Sternberg},
journal = {Computer},
title = {Biomedical Image Processing},
year = {1983},
volume = {16},
number = {01},
issn = {1558-0814},
pages = {22-34},
abstract = {},
keywords = {null},
doi = {10.1109/MC.1983.1654163},
publisher = {IEEE Computer Society},
address = {Los Alamitos, CA, USA},
month = {jan},
note = {plugin: https://imagej.net/plugins/rolling-ball-background-subtraction}
}

@incollection{segmentation_book,
title = {Chapter 9 - Image Segmentation},
author = {Qiang Wu and Kenneth R. Castleman},
editor = {Qiang Wu and Fatima A. Merchant and Kenneth R. Castleman},
booktitle = {Microscope Image Processing},
publisher = {Academic Press},
address = {Burlington},
pages = {159-194},
year = {2008},
isbn = {978-0-12-372578-3},
doi = {https://doi.org/10.1016/B978-0-12-372578-3.00009-X},
url = {https://www.sciencedirect.com/science/article/pii/B978012372578300009X},
author = {Qiang Wu and Castleman {Kenneth R.}}
}

@book{bioimage_book,
author = {Bankhead, Peter},
year = {2014},
month = {06},
pages = {},
title = {Analyzing fluorescence microscopy images with ImageJ}
}

@article{opencv_library,
    author = {Bradski, G.},
    citeulike-article-id = {2236121},
    journal = {Dr. Dobb's Journal of Software Tools},
    keywords = {bibtex-import},
    posted-at = {2008-01-15 19:21:54},
    priority = {4},
    title = {{The OpenCV Library}},
    year = {2000}
}

@article{Singh2012ANL,
  title={A New Local Adaptive Thresholding Technique in Binarization},
  author={T. Romen Singh and S. Roy and O. Imocha Singh and Tejmani Sinam and Khumanthem Manglem Singh},
  journal={ArXiv},
  year={2012},
  volume={abs/1201.5227}
}

@inproceedings{adapt_sauvola,
author = {Sauvola, Jaakko and Seppänen, Tapio and Haapakoski, Sami and Pietikäinen, Matti},
year = {1997},
month = {09},
pages = {147-152 vol.1},
title = {Adaptive Document Binarization.},
volume = {33},
isbn = {0-8186-7898-4},
journal = {Pattern Recognition},
doi = {10.1109/ICDAR.1997.619831}
}

@misc{fluoro_properties_2,
author = {Gal Haimovich},
title = {`The red color dilemma: how to choose the right fluorescent protein',greenfluorescentblog},
url = {https://greenfluorescentblog.wordpress.com/2012/05/17/the-red-color-dilemma-how-to-choose-the-right-fluorescent-protein/}
}

@article{fluorophore_article,
author = {Chudakov, Dmitriy M. and Matz, Mikhail V. and Lukyanov, Sergey and Lukyanov, Konstantin A.},
title = {Fluorescent Proteins and Their Applications in Imaging Living Cells and Tissues},
journal = {Physiological Reviews},
volume = {90},
number = {3},
pages = {1103-1163},
year = {2010},
doi = {10.1152/physrev.00038.2009},
    note ={PMID: 20664080},

url = {https://doi.org/10.1152/physrev.00038.2009},
eprint = {https://doi.org/10.1152/physrev.00038.2009}

}

@ARTICLE{photobleach_excite,
  title     = "Photobleaching kinetics of fluorescein in quantitative fluorescence microscopy",
  author    = "Song, L and Hennink, E J and Young, I T and Tanke, H J",
  journal   = "Biophys. J.",
  publisher = "Elsevier BV",
  volume    =  68,
  number    =  6,
  pages     = "2588-2600",
  month     =  jun,
  year      =  1995,
  copyright = "http://www.elsevier.com/open-access/userlicense/1.0/"
}

@article{confocal_modern,
author = {Elliott, Amicia D.},
title = {Confocal Microscopy: Principles and Modern Practices},
journal = {Current Protocols in Cytometry},
volume = {92},
number = {1},
pages = {e68},
doi = {https://doi.org/10.1002/cpcy.68},
url = {https://currentprotocols.onlinelibrary.wiley.com/doi/abs/10.1002/cpcy.68},
eprint = {https://currentprotocols.onlinelibrary.wiley.com/doi/pdf/10.1002/cpcy.68},
year = {2020}
}

@INPROCEEDINGS(psfgen,
AUTHOR="Kirshner, H. and Sage, D. and Unser, M.",
TITLE="{3D} {PSF} Models for Fluorescence Microscopy in {I}mage{J}",
BOOKTITLE="Proceedings of the Twelfth International Conference on
	Methods and Applications of Fluorescence Spectroscopy, Imaging and
	Probes ({MAF'11})",
YEAR="2011",
editor="",
volume="",
series="",
pages="154",
address="Strasbourg, French Republic",
month="September 11-14,",
organization="",
publisher="",
note="")

@article{sigma_filter,
title = {Digital image smoothing and the sigma filter},
journal = {Computer Vision, Graphics, and Image Processing},
volume = {24},
number = {2},
pages = {255-269},
year = {1983},
issn = {0734-189X},
doi = {https://doi.org/10.1016/0734-189X(83)90047-6},
url = {https://www.sciencedirect.com/science/article/pii/0734189X83900476},
author = {Jong-Sen Lee},
note = {plugin: https://imagej.net/plugins/sigma-filter}
}

@incollection{cell_tools_study,
author = {Geoffrey M Cooper},
booktitle = {The Cell: A Molecular Approach},
title = {Tools of Cell Biology},
publisher = {Sunderland (MA): Sinauer Associates},
year = {2000},
edition = {2nd},
url = {https://www.ncbi.nlm.nih.gov/books/NBK9941/}
}

@incollection{digitize_noise_chapt,
title = {Chapter 3 - Image Digitization},
author = {Kenneth R. Castleman},
editor = {Qiang Wu and Fatima A. Merchant and Kenneth R. Castleman},
booktitle = {Microscope Image Processing},
publisher = {Academic Press},
address = {Burlington},
pages = {27-38},
year = {2008},
isbn = {978-0-12-372578-3},
doi = {https://doi.org/10.1016/B978-0-12-372578-3.00009-X},
url = {https://www.sciencedirect.com/science/article/pii/B978012372578300009X},
author = {Qiang Wu and Castleman {Kenneth R.}}
}

@article{thresholding_overview,
author = {N, Senthilkumaran and S, Vaithegi},
year = {2016},
month = {02},
pages = {1-13},
title = {Image Segmentation By Using Thresholding Techniques For Medical Images},
volume = {6},
journal = {Computer Science & Engineering: An International Journal},
doi = {10.5121/cseij.2016.6101}
}

@article{RLTV,
author = {Dey, Nicolas and Blanc-Feraud, Laure and Zimmer, Christophe and Roux, Pascal and Kam, Zvi and Olivo-Marin, Jean-Christophe and Zerubia, Josiane},
title = {Richardson-Lucy algorithm with total variation regularization for 3D confocal microscope deconvolution},
journal = {Microscopy Research and Technique},
volume = {69},
number = {4},
pages = {260-266},
keywords = {image deconvolution, total variation regularization, Poisson noise, fluorescence confocal microscopy},
doi = {https://doi.org/10.1002/jemt.20294},
url = {https://analyticalsciencejournals.onlinelibrary.wiley.com/doi/abs/10.1002/jemt.20294},
eprint = {https://analyticalsciencejournals.onlinelibrary.wiley.com/doi/pdf/10.1002/jemt.20294},
year = {2006}
}

@INPROCEEDINGS{snrVSssim,
  author={Horé, Alain and Ziou, Djemel},
  booktitle={2010 20th International Conference on Pattern Recognition}, 
  title={Image Quality Metrics: PSNR vs. SSIM}, 
  year={2010},
  volume={},
  number={},
  pages={2366-2369},
  doi={10.1109/ICPR.2010.579}}

@article{Li_thresh,
title = {Minimum cross entropy thresholding},
journal = {Pattern Recognition},
volume = {26},
number = {4},
pages = {617-625},
year = {1993},
issn = {0031-3203},
doi = {https://doi.org/10.1016/0031-3203(93)90115-D},
url = {https://www.sciencedirect.com/science/article/pii/003132039390115D},
author = {C.H. Li and C.K. Lee},
keywords = {Thresholding, Image segmentation, Minimum cross entropy, Maximum entropy method},
}

@Article{machine_segment,
author={Al-Kofahi, Yousef
and Zaltsman, Alla
and Graves, Robert
and Marshall, Will
and Rusu, Mirabela},
title={A deep learning-based algorithm for 2-D cell segmentation in microscopy images},
journal={BMC Bioinformatics},
year={2018},
month={Oct},
day={03},
volume={19},
number={1},
pages={365},
issn={1471-2105},
doi={10.1186/s12859-018-2375-z},
url={https://doi.org/10.1186/s12859-018-2375-z}
}

@ARTICLE{scipy,
  author  = {Virtanen, Pauli and Gommers, Ralf and Oliphant, Travis E. and Haberland, Matt and Reddy, Tyler and Cournapeau, David and
            Burovski, Evgeni and Peterson, Pearu and Weckesser, Warren and
            Bright, Jonathan and {van der Walt}, St{\'e}fan J. and
            Brett, Matthew and Wilson, Joshua and Millman, K. Jarrod and
            Mayorov, Nikolay and Nelson, Andrew R. J. and Jones, Eric and
            Kern, Robert and Larson, Eric and Carey, C J and
            Polat, {\.I}lhan and Feng, Yu and Moore, Eric W. and
            {VanderPlas}, Jake and Laxalde, Denis and Perktold, Josef and
            Cimrman, Robert and Henriksen, Ian and Quintero, E. A. and
            Harris, Charles R. and Archibald, Anne M. and
            Ribeiro, Ant{\^o}nio H. and Pedregosa, Fabian and
            {van Mulbregt}, Paul and {SciPy 1.0 Contributors}},
  title   = {{{SciPy} 1.0: Fundamental Algorithms for Scientific
            Computing in Python}},
  journal = {Nature Methods},
  year    = {2020},
  volume  = {17},
  pages   = {261--272},
  adsurl  = {https://rdcu.be/b08Wh},
  doi     = {10.1038/s41592-019-0686-2},
}


@Article{sholto_research,
AUTHOR = {de Wet, Sholto and Mangali, Asandile and Batt, Richard and Kriel, Jurgen and Vahrmeijer, Nicola and Niehaus, Dana and Theart, Rensu and Loos, Ben},
TITLE = {The Highs and Lows of Memantine—An Autophagy and Mitophagy Inducing Agent That Protects Mitochondria},
JOURNAL = {Cells},
VOLUME = {12},
YEAR = {2023},
NUMBER = {13},
ARTICLE-NUMBER = {1726},
URL = {https://www.mdpi.com/2073-4409/12/13/1726},
PubMedID = {37443760},
ISSN = {2073-4409},
DOI = {10.3390/cells12131726}
}



